@book{bib1,
    title = {Foundations and TrendsÂ® in Machine Learning},
    author = { Boyd, N. Parikh, E. Chu, B. Peleato
    and J. Eckstein},
    year = {2011},
    publisher = {NOW the esence of knowledge},
    keywords = {Machine Learning}
}

@article{bib2,
    author = "S. Daniel-Berhe, H. Unbehauen",
    title = "{Experimental physical parameter estimation of a thyristor
driven DC-motor using the HMF-method}. ({German})",
    journal = "Control Engineering Practice",
    volume = "6",
    number = "5",
    pages = "615-626",
    year = "1998",
    keywords = "Physical parameter estimation"
}

@article{klauco:cep:2017,
	author	 = 	{Klau\v{c}o, M. and Kal\'uz, M. and Kvasnica, M.},
	title	 = 	{Real-time implementation of an explicit MPC-based reference 
	governor for control of a magnetic levitation system},
	journal	 = 	{Control Engineering Practice},
	year	 = 	{2017},
	pages	 = 	{99-105},
	doi	 = 	{10.1016/j.conengprac.2017.01.001},
	url	 = 	
	{http://www.kirp.chtf.stuba.sk/assets/publication_info.php?id_pub=1789}
}